@book{hastie2009elements,
  title={The elements of statistical learning: data mining, inference, and prediction},
  author={Hastie, Trevor and Tibshirani, Robert and Friedman, Jerome H and Friedman, Jerome H},
  volume={2},
  year={2009},
  publisher={Springer}
}

@book{james2013introduction,
  title={An introduction to statistical learning},
  author={James, Gareth and Witten, Daniela and Hastie, Trevor and Tibshirani, Robert},
  volume={112},
  publisher={Springer}
}

@book{efron2021computer,
  title={Computer Age Statistical Inference, Student Edition: Algorithms, Evidence, and Data Science},
  author={Efron, Bradley and Hastie, Trevor},
  volume={6},
  year={2021},
  publisher={Cambridge University Press}
}